<?xml version="1.0" encoding="UTF-8"?><record xmlns="http://www.loc.gov/MARC21/slim" xmlns:cinclude="http://apache.org/cocoon/include/1.0" xmlns:zs="http://www.loc.gov/zing/srw/">
  <leader>01535cz  a2200289n  4500</leader>
  <controlfield tag="001">n  42006101 </controlfield>
  <controlfield tag="003">DLC</controlfield>
  <controlfield tag="005">20050705162335.0</controlfield>
  <controlfield tag="008">830216n| acabbaaan          |a aaa      </controlfield>
  <datafield tag="010" ind1=" " ind2=" ">
    <subfield code="a">n  42006101 </subfield>
    <subfield code="z">n  84723924 </subfield>
  </datafield>
  <datafield tag="040" ind1=" " ind2=" ">
    <subfield code="a">DLC</subfield>
    <subfield code="c">DLC</subfield>
    <subfield code="d">DLC</subfield>
  </datafield>
  <datafield tag="100" ind1="1" ind2=" ">
    <subfield code="a">Lawrence, D. H.</subfield>
    <subfield code="q">(David Herbert),</subfield>
    <subfield code="d">1885-1930.</subfield>
    <subfield code="t">Works.</subfield>
    <subfield code="f">1979</subfield>
  </datafield>
  <datafield tag="400" ind1="1" ind2=" ">
    <subfield code="w">nnaa</subfield>
    <subfield code="a">Lawrence, David Herbert,</subfield>
    <subfield code="d">1885-1930.</subfield>
    <subfield code="t">Cambridge edition of the letters and works of D.H. Lawrence</subfield>
  </datafield>
  <datafield tag="430" ind1=" " ind2="0">
    <subfield code="a">Cambridge edition of the letters and works of D.H. Lawrence.</subfield>
    <subfield code="f">1979</subfield>
  </datafield>
  <datafield tag="430" ind1=" " ind2="0">
    <subfield code="a">Works of D.H. Lawrence.</subfield>
    <subfield code="f">1979</subfield>
  </datafield>
  <datafield tag="400" ind1="1" ind2=" ">
    <subfield code="a">Lawrence, D. H.</subfield>
    <subfield code="q">(David Herbert),</subfield>
    <subfield code="d">1885-1930.</subfield>
    <subfield code="t">Works of D.H. Lawrence.</subfield>
    <subfield code="f">1979</subfield>
  </datafield>
  <datafield tag="400" ind1="1" ind2=" ">
    <subfield code="a">Lawrence, D. H.</subfield>
    <subfield code="q">(David Herbert),</subfield>
    <subfield code="d">1885-1930.</subfield>
    <subfield code="t">Cambridge edition of the letters and works of D.H. Lawrence.</subfield>
    <subfield code="f">1979</subfield>
  </datafield>
  <datafield tag="400" ind1="1" ind2=" ">
    <subfield code="a">Lawrence, D. H.</subfield>
    <subfield code="q">(David Herbert),</subfield>
    <subfield code="d">1885-1930.</subfield>
    <subfield code="t">Cambridge edition of the works of D.H. Lawrence.</subfield>
    <subfield code="f">1979</subfield>
  </datafield>
  <datafield tag="430" ind1=" " ind2="0">
    <subfield code="a">Cambridge edition of the works of D.H. Lawrence.</subfield>
    <subfield code="f">1979</subfield>
  </datafield>
  <datafield tag="643" ind1=" " ind2=" ">
    <subfield code="a">Cambridge</subfield>
    <subfield code="a">New York</subfield>
    <subfield code="b">Cambridge University Press</subfield>
    <subfield code="d">some vols.</subfield>
  </datafield>
  <datafield tag="643" ind1=" " ind2=" ">
    <subfield code="a">London</subfield>
    <subfield code="a">New York</subfield>
    <subfield code="b">Granada</subfield>
    <subfield code="d">some vols.</subfield>
  </datafield>
  <datafield tag="644" ind1=" " ind2=" ">
    <subfield code="a">f</subfield>
    <subfield code="5">DLC</subfield>
  </datafield>
  <datafield tag="645" ind1=" " ind2=" ">
    <subfield code="a">t</subfield>
    <subfield code="5">DLC</subfield>
  </datafield>
  <datafield tag="646" ind1=" " ind2=" ">
    <subfield code="a">s</subfield>
    <subfield code="5">DLC</subfield>
  </datafield>
  <datafield tag="670" ind1=" " ind2=" ">
    <subfield code="a">St. Mawr and other stories, 1983.</subfield>
  </datafield>
  <datafield tag="670" ind1=" " ind2=" ">
    <subfield code="a">Lawrence, D.H. Study of Thomas Hardy and other essays, 1985:</subfield>
    <subfield code="b">ser. t.p. (The Cambridge edition of the letters and works of D.H. Lawrence) verso ser. t.p. (The works of D.H. Lawrence)</subfield>
  </datafield>
  <datafield tag="670" ind1=" " ind2=" ">
    <subfield code="a">Lawrence, D.H. The white peacock, 1984, c1983:</subfield>
    <subfield code="b">ser. t.p. (The Cambridge edition of the works of D.H. Lawrence)</subfield>
  </datafield>
</record>